<?xml version="1.0" encoding="UTF-8"?><collection xmlns="http://www.loc.gov/MARC21/slim"><record><leader>00480nam--2200181-u-4500</leader><controlfield tag="001">000052726</controlfield><controlfield tag="002">20161230</controlfield><controlfield tag="005">20161230201050</controlfield><controlfield tag="008">101007s1000------------r-----000-0-eng-d</controlfield><datafield ind1=" " ind2=" " tag="040"><subfield code="a">IFIN-HH</subfield></datafield><datafield ind1=" " ind2=" " tag="080"><subfield code="a">534</subfield></datafield><datafield ind1="1" ind2=" " tag="100"><subfield code="a">Mason, Warren P</subfield></datafield><datafield ind1="1" ind2="0" tag="245"><subfield code="a">Physical Acoustics</subfield><subfield code="b">Principles and Methods</subfield><subfield code="c">Warren P. Mason (Ed.)</subfield></datafield><datafield ind1=" " ind2=" " tag="260"><subfield code="a">London</subfield><subfield code="b">Academic Press</subfield><subfield code="c">1964</subfield></datafield><datafield ind1=" " ind2=" " tag="300"><subfield code="a">6 volume</subfield></datafield><datafield ind1="1" ind2=" " tag="787"><subfield code="a">Volume V</subfield><subfield code="d">1968</subfield><subfield code="h">301 p</subfield></datafield><datafield ind1=" " ind2=" " tag="852"><subfield code="a">22103</subfield><subfield code="c">534</subfield></datafield><datafield ind1=" " ind2=" " tag="CAT"><subfield code="a">Sys</subfield><subfield code="c">20101007</subfield><subfield code="h">115146</subfield></datafield></record></collection>